% Encoding: UTF-8

@Misc{protokolle,
  title   = {Deutscher {Bundestag} - {Open} {Data}},
  journal = {Deutscher Bundestag},
  url     = {https://www.bundestag.de/services/opendata},
  urldate = {2021-07-19},
}

@Comment{jabref-meta: databaseType:bibtex;}
